@article{Psvm,
author = {Priyadarshini, Anushree and Agarwal, Sonali},
year = {2015},
month = {10},
pages = {77-98},
title = {A Map Reduce based Support Vector Machine for Big Data Classification},
volume = {8},
booktitle = {International Journal of Database Theory and Application}
}

@article{Quantum,
   author = {{Rebentrost}, P. and {Mohseni}, M. and {Lloyd}, S.},
    title = "{Quantum Support Vector Machine for Big Data Classification}",
  journal = {Physical Review Letters},
archivePrefix = "arXiv",
   eprint = {1307.0471},
 primaryClass = "quant-ph",
 keywords = {Quantum algorithms protocols and simulations, Neural networks fuzzy logic artificial intelligence},
     year = 2014,
    month = sep,
   volume = 113,
   number = 13,
      eid = {130503},
    pages = {130503},
      doi = {10.1103/PhysRevLett.113.130503},
   adsurl = {http://adsabs.harvard.edu/abs/2014PhRvL.113m0503R},
  adsnote = {Provided by the SAO/NASA Astrophysics Data System}
}

@article{PSO,
  author    = {L. A. Demidova and
               E. V. Nikulchev and
               Yu. Sokolova},
  title     = {The {SVM} Classifier Based on the Modified Particle Swarm Optimization},
  journal   = {CoRR},
  volume    = {abs/1603.08296},
  year      = {2016},
  url       = {http://arxiv.org/abs/1603.08296},
  archivePrefix = {arXiv},
  eprint    = {1603.08296},
  timestamp = {Wed, 07 Jun 2017 14:41:49 +0200},
  biburl    = {http://dblp.org/rec/bib/journals/corr/DemidovaNS16},
  bibsource = {dblp computer science bibliography, http://dblp.org}
}