
@Misc{bigdatawiki,
  author       = {Wikipedia},
  title        = {Big Data Analytics and High Performance Computing},
  howpublished = {Web Page},
  month        = jun,
  year         = {2016},
  note         = {HID: 204},
  keywords     = {Bigdata, wikipedia},
  url          = {https://en.wikipedia.org/wiki/Big_data},
}

@Misc{hpcwiki,
  author       = {Wikipedia},
  title        = {Big Data Analytics and High Performance Computing},
  howpublished = {Web Page},
  month        = jun,
  year         = {2016},
  note         = {HID: 204},
  keywords     = {HPC, wikipedia},
  url          = {https://en.wikipedia.org/wiki/HPC},
}

@Misc{kinesis,
  author       = {Amazon},
  title        = {Big Data Analytics and High Performance Computing},
  howpublished = {Web Page},
  month        = oct,
  year         = {2017},
  note         = {HID: 204},
  keywords     = {Amazon, kinesis},
  url          = {https://aws.amazon.com/kinesis/},
}

@Misc{S3,
  author       = {Amazon},
  title        = {Big Data Analytics and High Performance Computing},
  howpublished = {Web Page},
  month        = oct,
  year         = {2017},
  note         = {HID: 204},
  keywords     = {Amazon, S3},
  url          = {https://aws.amazon.com/S3/},
}

@Misc{hadoopwiki,
  author       = {Wikipedia},
  title        = {Big Data Analytics and High Performance Computing},
  howpublished = {Web Page},
  month        = jun,
  year         = {2016},
  note         = {HID: 204},
  keywords     = {Bigdata, wikipedia},
  url          = {https://en.wikipedia.org/wiki/Apache_Hadoop},
}

@article{DBLP:journals/corr/JhaQLMF14,
  author    = {Shantenu Jha and
               Judy Qiu and
               Andr{\'{e}} Luckow and
               Pradeep Kumar Mantha and
               Geoffrey Charles Fox},
  title     = {A Tale of Two Data-Intensive Paradigms: Applications, Abstractions,
               and Architectures},
  journal   = {CoRR},
  volume    = {abs/1403.1528},
  year      = {2014},
  url       = {http://arxiv.org/abs/1403.1528},
  timestamp = {Wed, 07 Jun 2017 14:40:12 +0200},
  biburl    = {http://dblp.uni-trier.de/rec/bib/journals/corr/JhaQLMF14},
  bibsource = {dblp computer science bibliography, http://dblp.org}
}

@article{DBLP:journals/corr/abs-1301-6228,
  author    = {Andr{\'{e}} Luckow and
               Mark Santcroos and
               Ole Weidner and
               Ashley Zebrowski and
               Shantenu Jha},
  title     = {Pilot-Data: An Abstraction for Distributed Data},
  journal   = {CoRR},
  volume    = {abs/1301.6228},
  year      = {2013},
  url       = {http://arxiv.org/abs/1301.6228},
  timestamp = {Wed, 07 Jun 2017 14:40:45 +0200},
  biburl    = {http://dblp.uni-trier.de/rec/bib/journals/corr/abs-1301-6228},
  bibsource = {dblp computer science bibliography, http://dblp.org}
}

@unknown{Spidal,
author = {Ekanayake, Saliya and Kamburugamuve, Supun and Fox, Geoffrey},
year = {2016},
month = {04},
pages = {3},
title = {SPIDAL Java: high performance data analytics with Java and MPI on large multicore HPC clusters},
isbn = {978-1-5108-2318-1}
}

